
@incollection{sparc,
  title={Towards Answer Set Programming with Sorts},
  author={Balai, Evgenii and Gelfond, Michael and Zhang, Yuanlin},
  booktitle={Logic Programming and Nonmonotonic Reasoning},
  pages={135--147},
  year={2013},
  publisher={Springer}
}
@article{epist,
  title={Logic programming and knowledge representation},
  author={Baral, Chitta and Gelfond, Michael},
  journal={The Journal of Logic Programming},
  volume={19},
  pages={73--148},
  year={1994},
  publisher={Elsevier}
}



@article{paper,
  title={Probabilistic reasoning with answer sets},
  author={Baral, Chitta and Gelfond, Michael and Rushton, Nelson},
  journal={Theory and Practice of Logic Programming},
  volume={9},
  number={1},
  pages={57--144},
  year={2009},
  publisher={Cambridge University Press}
}
